@String(PAMI = {IEEE Trans. Pattern Anal. Mach. Intell.})
@String(IJCV = {Int. J. Comput. Vis.})
@String(CVPR= {IEEE Conf. Comput. Vis. Pattern Recog.})
@String(ICCV= {Int. Conf. Comput. Vis.})
@String(ECCV= {Eur. Conf. Comput. Vis.})
@String(NIPS= {Adv. Neural Inform. Process. Syst.})
@String(ICPR = {Int. Conf. Pattern Recog.})
@String(BMVC= {Brit. Mach. Vis. Conf.})
@String(TOG= {ACM Trans. Graph.})
@String(TIP  = {IEEE Trans. Image Process.})
@String(TVCG  = {IEEE Trans. Vis. Comput. Graph.})
@String(TMM  = {IEEE Trans. Multimedia})
@String(ACMMM= {ACM Int. Conf. Multimedia})
@String(ICME = {Int. Conf. Multimedia and Expo})
@String(ICASSP=	{ICASSP})
@String(ICIP = {IEEE Int. Conf. Image Process.})
@String(ACCV  = {ACCV})
@String(ICLR = {Int. Conf. Learn. Represent.})
@String(IJCAI = {IJCAI})
@String(PR   = {Pattern Recognition})
@String(AAAI = {AAAI})
@String(CVPRW= {IEEE Conf. Comput. Vis. Pattern Recog. Worksh.})
@String(CSVT = {IEEE Trans. Circuit Syst. Video Technol.})

@String(SPL	= {IEEE Sign. Process. Letters})
@String(VR   = {Vis. Res.})
@String(JOV	 = {J. Vis.})
@String(TVC  = {The Vis. Comput.})
@String(JCST  = {J. Comput. Sci. Tech.})
@String(CGF  = {Comput. Graph. Forum})
@String(CVM = {Computational Visual Media})


@String(PAMI  = {IEEE TPAMI})
@String(IJCV  = {IJCV})
@String(CVPR  = {CVPR})
@String(ICCV  = {ICCV})
@String(ECCV  = {ECCV})
@String(NIPS  = {NeurIPS})
@String(ICPR  = {ICPR})
@String(BMVC  =	{BMVC})
@String(TOG   = {ACM TOG})
@String(TIP   = {IEEE TIP})
@String(TVCG  = {IEEE TVCG})
@String(TCSVT = {IEEE TCSVT})
@String(TMM   =	{IEEE TMM})
@String(ACMMM = {ACM MM})
@String(ICME  =	{ICME})
@String(ICASSP=	{ICASSP})
@String(ICIP  = {ICIP})
@String(ACCV  = {ACCV})
@String(ICLR  = {ICLR})
@String(IJCAI = {IJCAI})
@String(PR = {PR})
@String(AAAI = {AAAI})
@String(CVPRW= {CVPRW})
@String(CSVT = {IEEE TCSVT})


@misc{gebru_datasheets_2021,
	title = {Datasheets for {Datasets}},
	url = {http://arxiv.org/abs/1803.09010},
	doi = {10.48550/arXiv.1803.09010},
	urldate = {2024-06-27},
	publisher = {arXiv},
	author = {Gebru, Timnit and Morgenstern, Jamie and Vecchione, Briana and Vaughan, Jennifer Wortman and Wallach, Hanna and Daumé III, Hal and Crawford, Kate},
	month = dec,
	year = {2021},
	note = {arXiv:1803.09010 [cs]},
	keywords = {Computer Science - Artificial Intelligence, Computer Science - Databases, Computer Science - Machine Learning},
	annote = {Comment: Published in CACM in December, 2021},
}

@inproceedings{maymounkov_kademlia_2002,
	title = {Kademlia: {A} {Peer}-to-{Peer} {Information} {System} {Based} on the {XOR} {Metric}},
	isbn = {978-3-540-45748-0},
	shorttitle = {Kademlia},
	url = {https://link.springer.com/chapter/10.1007/3-540-45748-8_5},
	doi = {10.1007/3-540-45748-8_5},
	abstract = {We describe a peer-to-peer distributed hash table with provable consistency and performance in a fault-prone environment. Our system routes queries and locates nodes using a novel XOR-based metric topology that simplifies the algorithm and facilitates our proof. The...},
	language = {en},
	urldate = {2024-06-26},
	booktitle = {Peer-to-{Peer} {Systems}},
	publisher = {Springer, Berlin, Heidelberg},
	author = {Maymounkov, Petar and Mazières, David},
	year = {2002},
	pages = {53--65},
}

@misc{proenca_taco_2020,
	title = {{TACO}: {Trash} {Annotations} in {Context} for {Litter} {Detection}},
	shorttitle = {{TACO}},
	url = {https://arxiv.org/abs/2003.06975v2},
	language = {en},
	urldate = {2024-06-27},
	journal = {arXiv.org},
	author = {Proença, Pedro F. and Simões, Pedro},
	month = mar,
	year = {2020},
	file = {Full Text PDF:/home/joncrall/Zotero/storage/6SZS3BPL/Proença and Simões - 2020 - TACO Trash Annotations in Context for Litter Dete.pdf:application/pdf},
}


cff-version: 1.2.0
message: "If you use this software, please cite it as below."
authors:
- family-names: "Wada"
  given-names: "Kentaro"
  orcid: "https://orcid.org/0000-0002-6347-5156"
title: "Labelme: Image Polygonal Annotation with Python"
url: "https://github.com/wkentaro/labelme"
license: GPL-3


@misc{wada_labelmeailabelme_nodate,
	author = {Kentaro, Wada},
	title = {Labelme: Image Polygonal Annotation with Python},
	url = {https://github.com/labelmeai/labelme},
	urldate = {2024-06-27},
	doi = {10.5281/zenodo.5711226},
}


@inproceedings{kirillov_segment_2023,
	title = {Segment {Anything}},
	url = {https://openaccess.thecvf.com/content/ICCV2023/html/Kirillov_Segment_Anything_ICCV_2023_paper.html},
	language = {en},
	urldate = {2024-06-27},
	author = {Kirillov, Alexander and Mintun, Eric and Ravi, Nikhila and Mao, Hanzi and Rolland, Chloe and Gustafson, Laura and Xiao, Tete and Whitehead, Spencer and Berg, Alexander C. and Lo, Wan-Yen and Dollar, Piotr and Girshick, Ross},
	year = {2023},
	pages = {4015--4026},
	file = {Full Text PDF:/home/joncrall/Zotero/storage/GY3QX57R/Kirillov et al. - 2023 - Segment Anything.pdf:application/pdf},
}

